% Optional fields: volume/number, series, address, edition, month, note
@BOOK{sLearning2013,
	author = {Gareth James et al},
	title = {An Introduction to Statistical Learning},
	publisher = {Springer Science $+$ Busines},
	year = {2013}
}

% Optional fields: author, title, howpublished, month, year, note
@MISC{gitEnlace,
	title = {\url{https://github.com/developingo/estadistica/tarea01} \href{https://github.com/developingo/estadistica/tarea01}{Código usado para realizar las gráficas y las estimaciones}}
}